 @article{adhikari2013introductory,
  title={An introductory study on time series modeling and forecasting},
  author={Adhikari, Ratnadip and Agrawal, Ramesh K},
  journal={arXiv preprint arXiv:1302.6613},
  year={2013}
}

@article{foorthuis2021nature,
  title={On the nature and types of anomalies: a review of deviations in data},
  author={Foorthuis, Ralph},
  journal={International journal of data science and analytics},
  volume={12},
  number={4},
  pages={297--331},
  year={2021},
  publisher={Springer}
}
 
@article{erickson2021performance,
  title={Performance metrics for machine learning models},
  author={Erickson, Bradley J and Kitamura, Felipe},
  journal={Radiology},
  volume={3},
  pages={1--7},
  year={2021}
}

@article{rousseeuw2018anomaly,
  title={Anomaly detection by robust statistics},
  author={Rousseeuw, Peter J and Hubert, Mia},
  journal={Wiley Interdisciplinary Reviews: Data Mining and Knowledge Discovery},
  volume={8},
  number={2},
  pages={e1236},
  year={2018},
  publisher={Wiley Online Library}
}

@article{dash2023outliers,
  title={An outliers detection and elimination framework in classification task of data mining},
  author={Dash, Ch Sanjeev Kumar and Behera, Ajit Kumar and Dehuri, Satchidananda and Ghosh, Ashish},
  journal={Decision Analytics Journal},
  volume={6},
  pages={100164},
  year={2023},
  publisher={Elsevier}
}

@inproceedings{zhao2018review,
  title={A Review of Anomaly Detection Techniques Based on Nearest Neighbor},
  author={Zhao, Ming and Chen, Jingchao and Li, Yang},
  booktitle={2018 International Conference on Computer Modeling, Simulation and Algorithm (CMSA 2018)},
  pages={290--292},
  year={2018},
  organization={Atlantis Press}
}

@article{yang2023outlier,
  title={Outlier detection: How to Select k for k-nearest-neighbors-based outlier detectors},
  author={Yang, Jiawei and Tan, Xu and Rahardja, Sylwan},
  journal={Pattern Recognition Letters},
  volume={174},
  pages={112--117},
  year={2023},
  publisher={Elsevier}
}

@article{erfani2016high,
  title={High-dimensional and large-scale anomaly detection using a linear one-class SVM with deep learning},
  author={Erfani, Sarah M and Rajasegarar, Sutharshan and Karunasekera, Shanika and Leckie, Christopher},
  journal={Pattern Recognition},
  volume={58},
  pages={121--134},
  year={2016},
  publisher={Elsevier}
}

@article{tripathy2015survey,
  title={A survey of different methods of clustering for anomaly detection},
  author={Tripathy, Sarita and Sahoo, PL},
  journal={International Journal of Science and Engineering Research},
  volume={6},
  number={1},
  year={2015}
}

@article{mazarbhuiya2023mixed,
  title={A Mixed Clustering Approach for Real-Time Anomaly Detection},
  author={Mazarbhuiya, Fokrul Alom and Shenify, Mohamed},
  journal={Applied Sciences},
  volume={13},
  number={7},
  pages={4151},
  year={2023},
  publisher={MDPI}
}

@inproceedings{liu2008isolation,
  title={Isolation forest},
  author={Liu, Fei Tony and Ting, Kai Ming and Zhou, Zhi-Hua},
  booktitle={2008 eighth ieee international conference on data mining},
  pages={413--422},
  year={2008},
  organization={IEEE}
}

@article{hariri2019extended,
  title={Extended isolation forest},
  author={Hariri, Sahand and Kind, Matias Carrasco and Brunner, Robert J},
  journal={IEEE transactions on knowledge and data engineering},
  volume={33},
  number={4},
  pages={1479--1489},
  year={2019},
  publisher={IEEE}
}